@book{MGECED01,
  title={Proof in Geometry: With ``Mistakes in Geometric Proofs'P' [Demostración en Geometría: Con ``Errores en las Demostraciones Geométricas'']},
  author={Fetisov, Antonin Ivanovi{\v{c}} and Dubnov, Ya S},
  year={2012},
  publisher={Courier Corporation}
}

@article{MGECED02,
  title={Problem-solving and selected topics in Euclidean geometry [Resolución de problemas y temas seleccionados en geometría euclídea]},
  author={Louridas, Sotirios E and Rassias, Michael Th},
  journal={AMC},
  volume={10},
  pages={12},
  year={2013},
  publisher={Springer}
}

@book{MGECED03,
  title={Everything You Need to Ace Geometry in One Big Fat Notebook [Todo lo que necesitas para dominar la geometría en un cuaderno grande y gordo]},
  author={Needham, Christy and others},
  year={2020},
  publisher={Workman Publishing Company}
}

@book{MGECED04,
  title={Geometry for dummies [Geometría para tontos]},
  author={Ryan, Mark},
  year={2008},
  publisher={John Wiley \& Sons}
}

@book{MGECED05,
	author = {Rojas, Eugenio and Sequeira, Ronald},
	keywords = {geometria},
	publisher = {Editorial Universidad Estatal a Distancia},
	title = {Geometría Euclídea I},
	year = {2012}}

@book{MGECED06,
	author = {Walsh, Edward},
	keywords = {geometria},
	publisher = {Dover Publications},
	title = {A First Course in Geometry},
	year = {2014}}

@book{MGECED07,
	author = {Tsijli, Teodora and Tsijli, Manuel},
	keywords = {geometria},
	publisher = {Editorial Tecnológico de Costa Rica},
	title = {Introducción a la Geometría Euclídea},
	year = {2021}}



